@article{ariki_1999,
author = {Ariki, Susumu},
title = {{Robinson-Schensted} correspondence and left cells},
year = {1999},
eprint = {arXiv:math/9910117},
}

@article{bedard_1986,
title={Cells for two {Coxeter} groups},
author={B{\'e}dard, Robert},
journal={Communications in Algebra},
volume={14},
number={7},
pages={1253--1286},
year={1986},
publisher={Taylor \& Francis}
}

@book{bjorner_brenti_2005,
title={Combinatorics of {C}oxeter groups},
author={Bj\"orner, Anders and Brenti, Francesco},
year={2005},
place={New York, NY},
publisher={Springer Science \& Business Media},
series={Graduate Texts in Mathematics},
volume={231}
}

@phdthesis{chmutov_2014,
title    = {The structure of {W}-graphs arising in {Kazhdan-Lusztig} theory},
school   = {University of Michigan},
author   = {Chmutov, Michael},
year     = {2014}
}

@article{du_1988,
  title={The decomposition into cells of the affine {Weyl} group of type $\tilde{B}_3$},
  author={Du, Jie},
  journal={Communications in Algebra},
  volume={16},
  number={7},
  pages={1383--1409},
  year={1988},
  publisher={Taylor \& Francis}
}

@article{elias_williamson_2014,
title={The {Hodge} theory of {Soergel} bimodules},
DOI={10.4007/annals.2014.180.3.6},
journal={Annals of Mathematics},
author={Elias, Ben and Williamson, Geordie},
year={2014},
month={Jan},
pages={1089--1136}}

@article{garfinkle_1990,
author = {Garfinkle, Devra},
journal = {Compositio Mathematica},
number = {2},
pages = {135--169},
publisher = {Kluwer Academic Publishers},
title = {On the classification of primitive ideals for complex classical {Lie} algebras, {I}},
url = {http://eudml.org/doc/90031},
volume = {75},
year = {1990},
}

@article{garfinkle_1992,
author = {Garfinkle, Devra},
journal = {Compositio Mathematica},
number = {3},
pages = {307--336},
publisher = {Kluwer Academic Publishers},
title = {On the classification of primitive ideals for complex classical {Lie} algebras, {II}},
url = {http://eudml.org/doc/90142},
volume = {81},
year = {1992},
}

@article{garfinkle_1993,
author = {Garfinkle, Devra},
journal = {Compositio Mathematica},
number = {2},
pages = {187--234},
publisher = {Kluwer Academic Publishers},
title = {On the classification of primitive ideals for complex classical {Lie} algebras, {III}},
url = {http://eudml.org/doc/90244},
volume = {88},
year = {1993},
}

@article{garfinkle_vogan_1992,
title={On the structure of {K}azhdan-{L}usztig cells for branched {D}ynkin diagrams},
volume={153},
DOI={10.1016/0021-8693(92)90150-k},
number={1},
journal={Journal of Algebra},
author={Garfinkle, Devra and Vogan Jr, David A.},
year={1992},
pages={91--120},
publisher={Elsevier}
}

@article{garsia_mclarnan_1988,
title={Relations between {Y}oung's natural and the {Kazhdan-Lusztig} representations of {$S_n$}},
volume={69},
DOI={10.1016/0001-8708(88)90060-6},
number={1},
journal={Advances in Mathematics},
author={Garsia, A.~M. and Mclarnan, T.~J.},
year={1988},
pages={32--92}}

@book{humphreys_2000,
place={Cambridge},
title={Reflection groups and {Coxeter} groups},
publisher={Cambridge Univ. Press},
author={Humphreys, James E.},
year={2000}
}

@book{jantzen_1983,
place={Berlin},
title={Einh\"ullende {Algebren halbeinfacher} {Lie-Algebren}}, publisher={Springer},
author={Jantzen, Jens Carsten},
year={1983}
}

@unpublished{johnson_2019,
title={Edge Transport from Parabolic Subgroups of Type {$D_4$}},
author={Johnson, Devra Garfinkle},
note={Preprint}
}

@article{kazhdan_lusztig_1979,
title={Representations of {Coxeter} groups and {Hecke} algebras},
volume={53},
DOI={10.1007/bf01390031},
number={2},
journal={Inventiones Mathematicae},
author={Kazhdan, David and Lusztig, George},
year={1979},
pages={165--184}
}

@article{knuth_1970,
  title={Permutations, matrices, and generalized Young tableaux},
  author={Knuth, Donald},
  journal={Pacific Journal of Mathematics},
  volume={34},
  number={3},
  pages={709--727},
  year={1970},
  publisher={Mathematical Sciences Publishers}
}

@incollection{lusztig_1985,
title={Cells in affine {Weyl} groups},
author={Lusztig, George},
booktitle={Algebraic groups and related topics, Advanced Studies in Pure
Math},
volume={6},
pages={255--287},
year={1985},
publisher={Kinokuniya and
North--Holland}
}

@article{stembridge_2008,
title={Admissible $W$-graphs},
volume={12},
DOI={10.1090/s1088-4165-08-00336-1},
number={14},
journal={Representation Theory of the American Mathematical Society},
author={Stembridge, John R.},
year={2008},
month={Sep},
pages={346--368}
}

@article{vogan_1979,
title={A generalized $\tau$-invariant for the primitive spectrum of a semisimple {Lie} algebra},
volume={242},
DOI={10.1007/bf01420727},
number={3},
journal={Mathematische Annalen},
author={Vogan, David A.}, year={1979},
pages={209--224}
}

@article{vogan_1980,
  title={Ordering of the primitive spectrum of a semisimple {Lie} algebra},
  author={Vogan, David A.},
  journal={Mathematische Annalen},
  volume={248},
  number={3},
  pages={195--203},
  year={1980},
  publisher={Springer}
}
